@inproceedings{durumeric2013zmap,
  title={ZMap: Fast Internet-wide Scanning and Its Security Applications.},
  author={Durumeric, Zakir and Wustrow, Eric and Halderman, J Alex}
}
@inproceedings{durumeric2014internet,
  title={An Internet-Wide View of Internet-Wide Scanning.},
  author={Durumeric, Zakir and Bailey, Michael and Halderman, J Alex},
  booktitle={USENIX Security Symposium},
  pages={65--78},
  year={2014}
}
@inproceedings{durumeric2015search,
  title={A search engine backed by Internet-wide scanning},
  author={Durumeric, Zakir and Adrian, David and Mirian, Ariana and Bailey, Michael and Halderman, J Alex},
  booktitle={Proceedings of the 22nd ACM SIGSAC Conference on Computer and Communications Security},
  pages={542--553},
  year={2015},
  organization={ACM}
}
@inproceedings{lee2016implementation,
  title={Implementation and vulnerability test of stealth port scanning attacks using ZMap of censys engine},
  author={Lee, Seungwoon and Im, Sun-young and Shin, Seung-Hun and Roh, Byeong-hee and Lee, Cheolho},
  booktitle={Information and Communication Technology Convergence (ICTC), 2016 International Conference on},
  pages={681--683},
  year={2016},
  organization={IEEE}
}
@inproceedings{durumeric2013analysis,
  title={Analysis of the HTTPS certificate ecosystem},
  author={Durumeric, Zakir and Kasten, James and Bailey, Michael and Halderman, J Alex},
  booktitle={Proceedings of the 2013 conference on Internet measurement conference},
  pages={291--304},
  year={2013},
  organization={ACM}
}
@inproceedings{vandersloot2016towards,
  title={Towards a complete view of the certificate ecosystem},
  author={VanderSloot, Benjamin and Amann, Johanna and Bernhard, Matthew and Durumeric, Zakir and Bailey, Michael and Halderman, J Alex},
  booktitle={Proceedings of the 2016 Internet Measurement Conference},
  pages={543--549},
  year={2016},
  organization={ACM}
}
@article{turner2014transport,
  title={Transport layer security},
  author={Turner, Sean},
  journal={IEEE Internet Computing},
  volume={18},
  number={6},
  pages={60--63},
  year={2014},
  publisher={IEEE}
}
@article{lee2003detection,
  title={Detection and characterization of port scan attacks},
  author={Lee, Cynthia Bailey and Roedel, Chris and Silenok, Elena},
  journal={Univeristy of California, Department of Computer Science and Engineering},
  year={2003}
}
@article{conallen1999modeling,
  title={Modeling Web application architectures with UML},
  author={Conallen, Jim},
  journal={Communications of the ACM},
  volume={42},
  number={10},
  pages={63--70},
  year={1999},
  publisher={ACM}
}
@inproceedings{mendes2008assessing,
  title={Assessing and comparing security of web servers},
  author={Mendes, Naaliel and Neto, Afonso Ara{\'u}jo and Dur{\~a}es, Jo{\~a}o and Vieira, Marco and Madeira, Henrique},
  booktitle={Dependable Computing, 2008. PRDC'08. 14th IEEE Pacific Rim International Symposium on},
  pages={313--322},
  year={2008},
  organization={IEEE}
}
@article{dierks2014transport,
  title={The transport layer security (TLS) protocol version 1.3},
  author={Dierks, Tim},
  year={2014}
}
@misc{zmapGithub,
 title={ZMap, https://github.com/zmap/zmap/blob/master/README.md},
 author={Durumeric, Zakir and Wustrow, Eric and Halderman, J Alex},
 url = {https://github.com/zmap/zmap/blob/master/README.md}
}

@misc{zgrabGithub,
 title={ZGrab, https://github.com/zmap/zgrab},
 author={Durumeric, Zakir and Wustrow, Eric and Halderman, J Alex},
 url = {https://github.com/zmap/zgrab}
}
@misc{zgrab2Github,
 title={ZGrab, https://github.com/zmap/zgrab2},
 author={Durumeric, Zakir and Wustrow, Eric and Halderman, J Alex},
 url = {https://github.com/zmap/zgrab2}
}
@article{kondo2014penetration,
  title={Penetration Testing With Banner Grabbers and Packet Sniffers},
  author={Kondo, Tabu S and Mselle, Leonard J},
  journal={Journal of Emerging Trends in Computing and Information Sciences},
  volume={5},
  number={4},
  year={2014},
  publisher={Citeseer}
}
@misc{censysWeb,
 title={censys, https://censys.io/},
 author={Durumeric, Zakir and Wustrow, Eric and Halderman, J Alex},
 url = {https://censys.io/}
}

@misc{tlsDemoServer,
 title={OCaml-TLS demo server, https://tls.nqsb.io/},
 author={mirleft},
 url = {https://tls.nqsb.io/}
}

@article{holz2015summarizing,
  title={Summarizing Known Attacks on Transport Layer Security (TLS) and Datagram TLS (DTLS)},
  author={Holz, Ralph and Sheffer, Yaron and Saint-Andre, Peter},
  year={2015}
}
@article{moller2014poodle,
  title={This POODLE bites: exploiting the SSL 3.0 fallback},
  author={M{\"o}ller, Bodo and Duong, Thai and Kotowicz, Krzysztof},
  journal={Security Advisory},
  year={2014}
}
@misc{owaspTLS_SSL,
 title={Transport Layer Protection Cheat Sheet, https://www.owasp.org/index.php/},
 author={owasp},
 url = {https://www.owasp.org/index.php/Transport_Layer_Protection_Cheat_Sheet}
}
@misc{ssllabs,
 title={Transport Layer Protection Cheat Sheet,https://github.com/ssllabs/research/wiki/SSL-and-TLS-Deployment-Best-Practices},
 author={ssllabs},
 url = {https://github.com/ssllabs/research/wiki/SSL-and-TLS-Deployment-Best-Practices}
}


@article{turner2011updated,
  title={Updated security considerations for the md5 message-digest and the hmac-md5 algorithms},
  author={Turner, Sean and Chen, Lily},
  year={2011}
}
@misc{md5,
 title={md5,http://www.win.tue.nl/hashclash/rogue-ca/},
 author={ssllabs},
 url = {http://www.win.tue.nl/hashclash/rogue-ca/}
}
@misc{matplotlib,
 title={matplotlib,https://matplotlib.org/},
 author={matplotlib},
 url = {https://matplotlib.org/}
}
@misc{socket,
 title={scoket,https://docs.python.org/2/library/socket.html},
 author={socket},
 url = {https://docs.python.org/2/library/socket.html}
}
@article{popov2015prohibiting,
  title={Prohibiting RC4 cipher suites},
  author={Popov, Andrey},
  journal={Computer Science},
  volume={2355},
  pages={152--164},
  year={2015}
}
@techreport{fielding1999hypertext,
  title={Hypertext transfer protocol--HTTP/1.1},
  author={Fielding, Roy and Gettys, Jim and Mogul, Jeffrey and Frystyk, Henrik and Masinter, Larry and Leach, Paul and Berners-Lee, Tim},
  year={1999}
}

@techreport{berners1996hypertext,
  title={Hypertext transfer protocol--HTTP/1.0},
  author={Berners-Lee, Tim and Fielding, Roy and Frystyk, Henrik},
  year={1996}
}
@techreport{housley1998internet,
  title={Internet X. 509 public key infrastructure certificate and CRL profile},
  author={Housley, Russell and Ford, Warwick and Polk, William and Solo, David},
  year={1998}
}
@inproceedings{acer2017wild,
  title={Where the wild warnings are: Root causes of Chrome HTTPS certificate errors},
  author={Acer, Mustafa Emre and Stark, Emily and Felt, Adrienne Porter and Fahl, Sascha and Bhargava, Radhika and Dev, Bhanu and Braithwaite, Matt and Sleevi, Ryan and Tabriz, Parisa},
  booktitle={Proceedings of the 2017 ACM SIGSAC Conference on Computer and Communications Security},
  pages={1407--1420},
  year={2017},
  organization={ACM}
}

@article{khan2016transport,
  title={Transport Layer Protocols And Services},
  author={Khan, Inam Ullah and Hassan, Muhammad Abul},
  journal={International Journal of Research in Computer and Communication Technology, IJRCCT},
  volume={5},
  year={2016}
}
@techreport{cotton2011internet,
  title={Internet assigned numbers authority (IANA) procedures for the management of the service name and transport protocol port number registry},
  author={Cotton, Michelle and Eggert, Lars and Touch, Joe and Westerlund, Magnus and Cheshire, Stuart},
  year={2011}
}
@article{rescorla2000http,
  title={Http over tls},
  author={Rescorla, Eric},
  year={2000}
}
@book{lyon2009nmap,
  title={Nmap network scanning: The official Nmap project guide to network discovery and security scanning},
  author={Lyon, Gordon Fyodor},
  year={2009},
  publisher={Insecure}
}
@techreport{fuller1993classless,
  title={Classless inter-domain routing (CIDR): an address assignment and aggregation strategy},
  author={Fuller, Vince and Li, Tony and Yu, Jessica and Varadhan, Kannan},
  year={1993}
}
@misc{LetsEncrypt,
 title={scoket,https://letsencrypt.org},
 author={Let's Encrypt},
 url = {https://letsencrypt.org}
}

@techreport{barker2015recommendation,
  title={Recommendation for Key Management Part 3: Application-Specific Key Management Guidance},
  author={Barker, Elaine B and Dang, Quynh H},
  year={2015}
}
@incollection{kaliski2011rsa,
  title={RSA factoring challenge},
  author={Kaliski Jr, Burt},
  booktitle={Encyclopedia of Cryptography and Security},
  pages={1064--1065},
  year={2011},
  publisher={Springer}
}
@article{turner2011prohibiting,
  title={Prohibiting secure sockets layer (SSL) version 2.0},
  author={Turner, Sean and Polk, Tim},
  year={2011}
}
@book{beale2004nessus,
  title={Nessus network auditing},
  author={Beale, Jay and Deraison, Renaud and Meer, Haroon and Temmingh, Roelof and Walt, Charl Van Der},
  year={2004},
  publisher={Syngress Publishing}
}

@article{pike2009go,
  title={The go programming language},
  author={Pike, Rob},
  journal={Talk given at Googleâ€™s Tech Talks},
  year={2009}
}
@article{ylonen2006secure,
  title={The secure shell (SSH) authentication protocol},
  author={Ylonen, Tatu and Lonvick, Chris},
  year={2006}
}
@techreport{2012smtp,
  title={SMTP Extension for Internationalized Email},
  author={J. Yao,W. Mao},
  year={2012}
}
@inproceedings{durumeric2014matter,
  title={The matter of heartbleed},
  author={Durumeric, Zakir and Kasten, James and Adrian, David and Halderman, J Alex and Bailey, Michael and Li, Frank and Weaver, Nicolas and Amann, Johanna and Beekman, Jethro and Payer, Mathias and others},
  booktitle={Proceedings of the 2014 Conference on Internet Measurement Conference},
  pages={475--488},
  year={2014},
  organization={ACM}
}
@misc{top20161,
  title={1,000,000 Sites},
  author={Top, Alexa},
  year={2016}
}

@article{arkin1999network,
  title={Network scanning techniques},
  author={Arkin, Ofir},
  journal={Publicom Communications Solutions},
  year={1999}
}
@article{de1999review,
  title={A review of port scanning techniques},
  author={De Vivo, Marco and Carrasco, Eddy and Isern, Germinal and de Vivo, Gabriela O},
  journal={ACM SIGCOMM Computer Communication Review},
  volume={29},
  number={2},
  pages={41--48},
  year={1999},
  publisher={ACM}
}


